@TECHREPORT{Lavalle98rapidly-exploringrandom,
    author = {Steven M. Lavalle},
    title = {Rapidly-Exploring Random Trees: A New Tool for Path Planning},
    institution = {},
    year = {1998}
}
@MISC{Lindemann04incrementallyreducing,
    author = {Stephen R. Lindemann and Steven M. LaValle},
    title = {Incrementally Reducing Dispersion by Increasing Voronoi Bias in RRTs},
    year = {2004}
}
 @MISC{Jaillet05adaptivetuning,
    author = {Léonard Jaillet and Anna Yershova and Steven M. LaValle and Thierry Siméon},
    title = {Adaptive Tuning of the Sampling Domain for Dynamic-Domain RRTs },
    year = {2005}
}
@MISC{Bruce02real-timerandomized,
    author = {James Bruce and Manuela Veloso},
    title = {Real-Time Randomized Path Planning for Robot Navigation},
    year = {2002}
}
@INCOLLECTION{moplan2009,
    author = {Anna Yershova and Steven M. Lavalle},
    title = {Motion Planning for Highly Constrained Spaces},
    booktitle = {Robot Motion and Control 2009},
    year = {2009}
}
@article{citeulike:995135,
    author = {Cover, T. and Hart, P.},
    citeulike-article-id = {995135},
    citeulike-linkout-0 = {http://ieeexplore.ieee.org/xpls/abs\_all.jsp?arnumber=1053964},
    journal = {Information Theory, IEEE Transactions on},
    keywords = {classification, nearest-neighbor, single-sided},
    number = {1},
    pages = {21--27},
    posted-at = {2006-12-14 17:27:18},
    priority = {2},
    title = {Nearest neighbor pattern classification},
    url = {http://ieeexplore.ieee.org/xpls/abs\_all.jsp?arnumber=1053964},
    volume = {13},
    year = {1967}
}
